@article{Arrazola2019QI,
  title        = {Quantum-Inspired Algorithms in Practice},
  author       = {Arrazola, Juan Miguel and Delgado, Alberto and Bardhan, Bhaskar and Lloyd, Seth},
  journal      = {Quantum},
  volume       = {3},
  pages        = {156},
  year         = {2019},
  doi          = {10.22331/q-2019-06-10-156},
  url          = {https://arxiv.org/abs/1905.10415},
  abstract     = {Introduces quantum-inspired algorithms for low-rank linear algebra, recommendation systems, and optimization, analyzing performance limits on classical hardware.}
}

@article{Rebentrost2018QuantumFinance,
  title        = {Quantum algorithms for finance: Monte Carlo and beyond},
  author       = {Rebentrost, Patrick and Gupt, Brajesh and Bromley, Thomas and Lloyd, Seth},
  journal      = {Nature Quantum Information},
  year         = {2018},
  doi          = {10.1038/s41534-018-0078-2},
  abstract     = {Explores early quantum algorithms relevant for pricing and risk estimation, including amplitude estimation-based VaR calculations.}
}

@article{Orus2019,
  title        = {Quantum Computing for Finance: Overview and Prospects},
  author       = {Or{\'u}s, Rom{\'a}n and Mugel, Samuel and Lizaso, Enrique},
  journal      = {Reviews in Physics},
  volume       = {4},
  pages        = {100028},
  year         = {2019},
  doi          = {10.1016/j.revip.2019.100028},
  url          = {https://www.sciencedirect.com/science/article/pii/S2405428318300571},
  abstract     = {Comprehensive survey connecting quantum computing paradigms to financial optimization and risk management.}
}

@article{Mugel2020DynamicPortfolio,
  title        = {Dynamic Portfolio Optimization with Real Datasets Using Quantum-Inspired Tensor Networks},
  author       = {Mugel, Samuel and Lizaso, Enrique and Or{\'u}s, Rom{\'a}n},
  journal      = {arXiv preprint},
  year         = {2020},
  eprint       = {2007.00017},
  url          = {https://arxiv.org/abs/2007.00017},
  abstract     = {Applies tensor network optimizers to dynamic multi-period portfolio optimization using real financial datasets, benchmarking against hybrid quantum and classical solvers.}
}

@article{Mugel2022Tensor,
  title        = {Dynamic Portfolio Optimization with Real Datasets Using Quantum Processors and Quantum-Inspired Tensor Networks},
  author       = {Mugel, Samuel and Or{\'u}s, Rom{\'a}n and Lizaso, Enrique},
  journal      = {Physical Review Research},
  volume       = {4},
  number       = {1},
  pages        = {013006},
  year         = {2022},
  doi          = {10.1103/PhysRevResearch.4.013006},
  abstract     = {Benchmarks quantum processors and quantum-inspired tensor networks on dynamic financial optimization problems.}
}

@article{Stopfer2025Benchmark,
  title        = {Quantum Portfolio Optimization: An Extensive Benchmark},
  author       = {Stopfer, Elias and Wagner, Florian},
  journal      = {arXiv preprint},
  year         = {2025},
  eprint       = {2509.17876},
  url          = {https://arxiv.org/abs/2509.17876},
  abstract     = {Compares quantum, quantum-inspired, and classical portfolio optimization algorithms across large-scale empirical datasets.}
}

@article{QIPQUBO2024,
  title        = {Quantum-Inspired Portfolio Optimization in the QUBO Framework},
  author       = {Delgado, A. and Gonz{\'a}lez, P. and Mart{\'i}n, L.},
  journal      = {arXiv preprint},
  year         = {2024},
  eprint       = {2410.05932},
  url          = {https://arxiv.org/abs/2410.05932},
  abstract     = {Introduces QUBO formulations for portfolio optimization, analyzing penalty calibration and numerical stability.}
}

@article{QITNIndustrial2024,
  title        = {Quantum-Inspired Techniques in Tensor Networks for Industrial Applications},
  author       = {B{\"a}rtschi, Andreas and Or{\'u}s, Rom{\'a}n},
  journal      = {arXiv preprint},
  year         = {2024},
  eprint       = {2404.11277},
  url          = {https://arxiv.org/abs/2404.11277},
  abstract     = {Reviews how tensor network algorithms are adapted for industrial-scale optimization problems, including finance and logistics.}
}

@article{TNOpt2025,
  title        = {Application of Quantum-Inspired Tensor Networks to Optimization Problems},
  author       = {Matsumoto, Keisuke and Or{\'u}s, Rom{\'a}n and Mugel, Samuel},
  journal      = {Quantum Machine Intelligence},
  year         = {2025},
  doi          = {10.1007/s42484-025-00243-x},
  abstract     = {Applies tensor network frameworks to combinatorial optimization and portfolio selection problems, demonstrating scalability and accuracy.}
}

@inproceedings{TNGEO2023,
  title        = {GEO: Enhancing Combinatorial Optimization with Classical and Quantum Generative Models},
  author       = {Zhu, Q. and Benedetti, M. and Lubasch, M.},
  booktitle    = {Proceedings of the AAAI Conference on Artificial Intelligence},
  year         = {2023},
  doi          = {10.1609/aaai.v37i5.25721},
  abstract     = {Introduces the TN-GEO framework combining generative models with tensor-network optimization for large combinatorial problems.}
}

@article{HybridSurvey2024,
  title        = {A Survey on Quantum Algorithms, Potential Scenarios and Open Challenges},
  author       = {Mart{\'i}nez, J. and Montoya, A. and Rubio, E.},
  journal      = {Information Fusion},
  volume       = {104},
  pages        = {102023},
  year         = {2024},
  doi          = {10.1016/j.inffus.2024.102023},
  abstract     = {Comprehensive survey of hybrid quantum-classical algorithms and their potential industrial applications.}
}

@article{Markowitz1952,
  title        = {Portfolio Selection},
  author       = {Markowitz, Harry},
  journal      = {Journal of Finance},
  volume       = {7},
  number       = {1},
  pages        = {77--91},
  year         = {1952},
  doi          = {10.1111/j.1540-6261.1952.tb01525.x}
}

@article{Kadowaki1998QA,
  title        = {Quantum Annealing in the Transverse Ising Model},
  author       = {Kadowaki, Tadashi and Nishimori, Hidetoshi},
  journal      = {Physical Review E},
  volume       = {58},
  pages        = {5355},
  year         = {1998},
  doi          = {10.1103/PhysRevE.58.5355}
}

@article{Farhi2014QAOA,
  title        = {A Quantum Approximate Optimization Algorithm},
  author       = {Farhi, Edward and Goldstone, Jeffrey and Gutmann, Sam},
  journal      = {arXiv preprint},
  year         = {2014},
  eprint       = {1411.4028},
  url          = {https://arxiv.org/abs/1411.4028}
}

@article{Peruzzo2014VQE,
  title        = {A Variational Eigenvalue Solver on a Photonic Quantum Processor},
  author       = {Peruzzo, Alberto and McClean, Jarrod and Shadbolt, Peter and Yung, Man-Hong and Zhou, Xiao-Qi and Love, Peter J and Aspuru-Guzik, Al{\'a}n and O'Brien, Jeremy L},
  journal      = {Nature Communications},
  volume       = {5},
  pages        = {4213},
  year         = {2014},
  doi          = {10.1038/ncomms5213}
}

@article{Brassard2002QAE,
  title        = {Quantum Amplitude Amplification and Estimation},
  author       = {Brassard, Gilles and Hoyer, Peter and Mosca, Michele and Tapp, Alain},
  journal      = {Contemporary Mathematics},
  volume       = {305},
  pages        = {53--74},
  year         = {2002},
  doi          = {10.1090/conm/305/05215}
}

@article{Harrow2009HHL,
  title        = {Quantum Algorithm for Linear Systems of Equations},
  author       = {Harrow, Aram W and Hassidim, Avinatan and Lloyd, Seth},
  journal      = {Physical Review Letters},
  volume       = {103},
  pages        = {150502},
  year         = {2009},
  doi          = {10.1103/PhysRevLett.103.150502}
}

@article{Preskill2018NISQ,
  title        = {Quantum Computing in the NISQ Era and Beyond},
  author       = {Preskill, John},
  journal      = {Quantum},
  volume       = {2},
  pages        = {79},
  year         = {2018},
  doi          = {10.22331/q-2018-08-06-79}
}

@article{Chang2000Cardinality,
  title        = {Heuristics for Cardinality Constrained Portfolio Optimization},
  author       = {Chang, Tsung-Jung and Meade, Nigel and Beasley, John E and Sharaiha, Yazid M},
  journal      = {Computers \& Operations Research},
  volume       = {27},
  pages        = {1271--1302},
  year         = {2000},
  doi          = {10.1016/S0305-0548(99)00074-X}
}

@article{Elsokkary2017FinancialPortfolio,
  title        = {Financial Portfolio Management Using D-Wave's Quantum Optimizer: The Case of Abu Dhabi Securities Exchange},
  author       = {Elsokkary, Nada and Khan, Faisal Shah and La Cour, Brian R and Humble, Travis S and Kais, Sabre},
  journal      = {arXiv preprint},
  year         = {2017},
  eprint       = {1708.08611},
  url          = {https://arxiv.org/abs/1708.08611}
}

@article{Venturelli2019TemporalQA,
  title        = {Reverse Quantum Annealing Approach to Portfolio Optimization Problems},
  author       = {Venturelli, Davide and Kondratyev, Alexei},
  journal      = {Quantum Machine Intelligence},
  volume       = {1},
  pages        = {17--30},
  year         = {2019},
  doi          = {10.1007/s42484-019-00001-w}
}

@article{Brandhofer2023QAOA,
  title        = {Benchmarking the Performance of Portfolio Optimization with QAOA},
  author       = {Brandhofer, Sebastian and Braun, Daniel and Deissler, Vanessa and Krems, Matthias and M{\"u}ller, Simon and Puchinger, Jakob and Tresp, Volker},
  journal      = {Quantum Information Processing},
  volume       = {22},
  pages        = {25},
  year         = {2023},
  doi          = {10.1007/s11128-022-03766-5}
}

@article{Phillipson2020Portfolio,
  title        = {Multi-Agent Reinforcement Learning Approach for Capacity Planning and Portfolio Optimization},
  author       = {Phillipson, Frank and Chiscop, Irina},
  journal      = {arXiv preprint},
  year         = {2020},
  eprint       = {2007.05625},
  url          = {https://arxiv.org/abs/2007.05625}
}

@article{Rockafellar2000CVaR,
  title        = {Optimization of Conditional Value-at-Risk},
  author       = {Rockafellar, R Tyrrell and Uryasev, Stanislav},
  journal      = {Journal of Risk},
  volume       = {2},
  pages        = {21--42},
  year         = {2000},
  doi          = {10.21314/JOR.2000.038}
}

@article{Egger2020QuantumFinance,
  title        = {Quantum Computing for Finance: State-of-the-Art and Future Prospects},
  author       = {Egger, Daniel J and Garcia Gutierrez, Ricardo and Cahue Mestre, Jordi and Woerner, Stefan},
  journal      = {IEEE Transactions on Quantum Engineering},
  volume       = {1},
  pages        = {1--24},
  year         = {2020},
  doi          = {10.1109/TQE.2020.3030314}
}

@article{Woerner2019QAEOptions,
  title        = {Quantum Risk Analysis},
  author       = {Woerner, Stefan and Egger, Daniel J},
  journal      = {npj Quantum Information},
  volume       = {5},
  pages        = {15},
  year         = {2019},
  doi          = {10.1038/s41534-019-0130-6}
}

@article{Stamatopoulos2020QAE,
  title        = {Option Pricing using Quantum Computers},
  author       = {Stamatopoulos, Nikitas and Egger, Daniel J and Sun, Yue and Zoufal, Christa and Iten, Raban and Shen, Ning and Woerner, Stefan},
  journal      = {Quantum},
  volume       = {4},
  pages        = {291},
  year         = {2020},
  doi          = {10.22331/q-2020-07-06-291}
}

@article{An2021QuantumLinear,
  title        = {Quantum Linear System Solver Based on Time-Optimal Adiabatic Quantum Computing and Quantum Approximate Optimization Algorithm},
  author       = {An, Dong and Lin, Lin},
  journal      = {ACM Transactions on Quantum Computing},
  volume       = {3},
  number       = {2},
  pages        = {1--28},
  year         = {2021},
  doi          = {10.1145/3498331}
}

@article{Orus2014TensorNetworks,
  title        = {A Practical Introduction to Tensor Networks: Matrix Product States and Projected Entangled Pair States},
  author       = {Or{\'u}s, Rom{\'a}n},
  journal      = {Annals of Physics},
  volume       = {349},
  pages        = {117--158},
  year         = {2014},
  doi          = {10.1016/j.aop.2014.06.013}
}

@article{Goto2019SB,
  title        = {Combinatorial Optimization by Simulating Adiabatic Bifurcations in Nonlinear Hamiltonian Systems},
  author       = {Goto, Hayato and Tatsumura, Kosuke and Dixon, Alexander R},
  journal      = {Science Advances},
  volume       = {5},
  number       = {4},
  pages        = {eaav2372},
  year         = {2019},
  doi          = {10.1126/sciadv.aav2372}
}

@techreport{Toshiba2021Finance,
  title        = {Financial Portfolio Optimization Using Simulated Bifurcation Machines},
  author       = {{Toshiba Corporation}},
  institution  = {Toshiba Corporation},
  year         = {2021},
  type         = {Technical Report}
}

@article{Aramon2019Fujitsu,
  title        = {Physics-Inspired Optimization for Quadratic Unconstrained Problems Using a Digital Annealer},
  author       = {Aramon, Maliheh and Rosenberg, Gili and Valiante, Elisabetta and Miyazawa, Toshiyuki and Tamura, Hirotaka and Katzgraber, Helmut G},
  journal      = {Frontiers in Physics},
  volume       = {7},
  pages        = {48},
  year         = {2019},
  doi          = {10.3389/fphy.2019.00048}
}

@article{Rebentrost2014QSVM,
  title        = {Quantum Support Vector Machine for Big Data Classification},
  author       = {Rebentrost, Patrick and Mohseni, Masoud and Lloyd, Seth},
  journal      = {Physical Review Letters},
  volume       = {113},
  pages        = {130503},
  year         = {2014},
  doi          = {10.1103/PhysRevLett.113.130503}
}

@article{Farhi2018QNN,
  title        = {Classification with Quantum Neural Networks on Near Term Processors},
  author       = {Farhi, Edward and Neven, Hartmut},
  journal      = {arXiv preprint},
  year         = {2018},
  eprint       = {1802.06002},
  url          = {https://arxiv.org/abs/1802.06002}
}

@article{Benedetti2019QGAN,
  title        = {Generative Models for Quantum Machine Learning},
  author       = {Benedetti, Marcello and Garcia-Pintos, Delfina and Perdomo, Oscar and Leyton-Ortega, Vicente and Nam, Yunseong and Perdomo-Ortiz, Alejandro},
  journal      = {Nature Communications},
  volume       = {10},
  pages        = {2632},
  year         = {2019},
  doi          = {10.1038/s41467-019-10729-8}
}

@article{Liu2022QMLFraud,
  title        = {Quantum Machine Learning for Fraud Detection in Financial Transactions},
  author       = {Liu, Yunchao and Chen, Shuai and Zhang, Wei},
  journal      = {Quantum Information Processing},
  volume       = {21},
  pages        = {305},
  year         = {2022},
  doi          = {10.1007/s11128-022-03650-2}
}

@article{Kyriienko2021QuantumAnomalyDetection,
  title        = {Quantum Anomaly Detection with Density Estimation and Multivariate Gaussian Distribution},
  author       = {Kyriienko, Oleksandr and Paine, Annie E and Elfving, Vincent E},
  journal      = {Physical Review A},
  volume       = {103},
  pages        = {052417},
  year         = {2021},
  doi          = {10.1103/PhysRevA.103.052417}
}

@article{Chen2023QuantumTrading,
  title        = {Quantum Reinforcement Learning in Continuous Action Space},
  author       = {Chen, Samuel Yen-Chi and Yoo, Shinjae and Fang, Yao-Lung L},
  journal      = {Quantum Machine Intelligence},
  volume       = {5},
  pages        = {15},
  year         = {2023},
  doi          = {10.1007/s42484-023-00099-z}
}